
   <record>
      <leader>00000nz  a2200000nc 4500</leader>
      <controlfield tag="001">institutions/30080970</controlfield>
      <controlfield tag="003">DE-633</controlfield>
      <controlfield tag="005">20250620052134.0</controlfield>
      <controlfield tag="008">161109||||z|||a|||||||||||||||||n||||||d</controlfield>
      <datafield tag="024" ind1="7" ind2=" ">
         <subfield code="a">BR-Cmcg</subfield>
         <subfield code="q">siglum</subfield>
         <subfield code="2">rism</subfield>
      </datafield>
      <datafield tag="034" ind1="2" ind2=" ">
         <subfield code="d">-47.060798</subfield>
         <subfield code="f">-22.903520</subfield>
      </datafield>
      <datafield tag="040" ind1=" " ind2=" ">
         <subfield code="a">DE-633</subfield>
         <subfield code="c">DE-633</subfield>
         <subfield code="e">rismg</subfield>
      </datafield>
      <datafield tag="043" ind1=" " ind2=" ">
         <subfield code="c">XD-BR</subfield>
      </datafield>
      <datafield tag="110" ind1="2" ind2=" ">
         <subfield code="a">CCLA - Centro de Ciências, Letras e Artes, Museu Carlos Gomes</subfield>
         <subfield code="c">Campinas</subfield>
         <subfield code="g">BR-Cmcg</subfield>
      </datafield>
      <datafield tag="368" ind1=" " ind2=" ">
         <subfield code="a">Institution</subfield>
      </datafield>
      <datafield tag="368" ind1=" " ind2=" ">
         <subfield code="a">Library</subfield>
      </datafield>
      <datafield tag="371" ind1=" " ind2=" ">
         <subfield code="a">CCLA - Centro de Ciências, Letras e,  Artes, Museu Carlos Gomes, Centro, Rua Bernardino de Campos, 989, Campinas 13010-151, Brazil</subfield>
         <subfield code="u">http://ccla.org.br/museu-carlos-gomes/</subfield>
      </datafield>
      <datafield tag="551" ind1=" " ind2=" ">
         <subfield code="a">Campinas</subfield>
         <subfield code="0">places/3905767</subfield>
      </datafield>
      <datafield tag="667" ind1=" " ind2=" ">
         <subfield code="a">Published sources: 30</subfield>
      </datafield>
   </record>