
   <record>
      <leader>00000nz  a2200000nc 4500</leader>
      <controlfield tag="001">institutions/51008734</controlfield>
      <controlfield tag="003">DE-633</controlfield>
      <controlfield tag="005">20250620052324.0</controlfield>
      <controlfield tag="008">250508||||z|||a|||||||||||||||||n||||||d</controlfield>
      <datafield tag="024" ind1="7" ind2=" ">
         <subfield code="a">BR-D</subfield>
         <subfield code="q">siglum</subfield>
         <subfield code="2">rism</subfield>
      </datafield>
      <datafield tag="034" ind1="1" ind2=" ">
         <subfield code="d">-43.5971528339524</subfield>
         <subfield code="f">-18.248333782782872</subfield>
      </datafield>
      <datafield tag="040" ind1=" " ind2=" ">
         <subfield code="a">DE-633</subfield>
         <subfield code="b">ger</subfield>
         <subfield code="c">DE-633</subfield>
         <subfield code="e">rismg</subfield>
      </datafield>
      <datafield tag="043" ind1=" " ind2=" ">
         <subfield code="c">XD-BR</subfield>
      </datafield>
      <datafield tag="110" ind1="1" ind2=" ">
         <subfield code="a">Arquivo Eclesiástico da Arquidiocese de Diamantina</subfield>
         <subfield code="c">Diamantina, MG</subfield>
         <subfield code="g">BR-D</subfield>
      </datafield>
      <datafield tag="368" ind1=" " ind2=" ">
         <subfield code="a">Institution</subfield>
         <subfield code="a">Archive</subfield>
         <subfield code="a">Library</subfield>
      </datafield>
      <datafield tag="371" ind1=" " ind2=" ">
         <subfield code="a">Rua Jogo da Bola, 173</subfield>
         <subfield code="b">Diamantina, MG</subfield>
         <subfield code="c">Minas Gerais</subfield>
         <subfield code="d">Brazil</subfield>
         <subfield code="m">pascom@arquidiamantina.org.br</subfield>
         <subfield code="m">mitradiamantinaarquivo@gmail.com</subfield>
         <subfield code="u">https://arquidiamantina.org.br/arquivo-historico/</subfield>
         <subfield code="u">https://acervosvirtuais.ufpel.edu.br/choropatrimonio/acervos/acervo-musical-da-banda-corinho-pao-de-santo-antonio/</subfield>
         <subfield code="z">tel: +55 / 38 3531-1094</subfield>
      </datafield>
      <datafield tag="551" ind1="1" ind2=" ">
         <subfield code="a">Diamantina, MG</subfield>
         <subfield code="0">places/50021489</subfield>
      </datafield>
   </record>