
   <record>
      <leader>00000nz  a2200000nc 4500</leader>
      <controlfield tag="001">institutions/30076525</controlfield>
      <controlfield tag="003">DE-633</controlfield>
      <controlfield tag="005">20250620052110.0</controlfield>
      <controlfield tag="008">161109||||z|||a|||||||||||||||||n||||||d</controlfield>
      <datafield tag="024" ind1="7" ind2=" ">
         <subfield code="a">140553848</subfield>
         <subfield code="2">VIAF</subfield>
      </datafield>
      <datafield tag="024" ind1="7" ind2=" ">
         <subfield code="a">Q10333699</subfield>
         <subfield code="2">WKP</subfield>
      </datafield>
      <datafield tag="024" ind1="7" ind2=" ">
         <subfield code="a">BR-OPmi</subfield>
         <subfield code="q">siglum</subfield>
         <subfield code="2">rism</subfield>
      </datafield>
      <datafield tag="034" ind1="1" ind2=" ">
         <subfield code="d">-43.5066810728759</subfield>
         <subfield code="f">-20.386664857307082</subfield>
      </datafield>
      <datafield tag="040" ind1=" " ind2=" ">
         <subfield code="a">DE-633</subfield>
         <subfield code="c">DE-633</subfield>
         <subfield code="e">rismg</subfield>
      </datafield>
      <datafield tag="043" ind1=" " ind2=" ">
         <subfield code="c">XD-BR</subfield>
      </datafield>
      <datafield tag="110" ind1="1" ind2=" ">
         <subfield code="a">Museu da Inconfidência (MDINC), Biblioteca e Arquivo Histórico</subfield>
         <subfield code="c">Ouro Preto</subfield>
         <subfield code="g">BR-OPmi</subfield>
      </datafield>
      <datafield tag="368" ind1=" " ind2=" ">
         <subfield code="a">Institution</subfield>
         <subfield code="a">Archive</subfield>
         <subfield code="a">Library</subfield>
      </datafield>
      <datafield tag="371" ind1=" " ind2=" ">
         <subfield code="a">Casa do Pilar</subfield>
         <subfield code="a">Rua do Pilar, nº 76</subfield>
         <subfield code="b">Ouro Preto</subfield>
         <subfield code="c">Minas Gerais</subfield>
         <subfield code="d">Brazil</subfield>
         <subfield code="e">35400-000</subfield>
         <subfield code="m">arquivo.mdinc@museus.gov.br</subfield>
         <subfield code="m">biblioteca.mdinc@museus.gov.br</subfield>
         <subfield code="u">https://museudainconfidencia.museus.gov.br/</subfield>
         <subfield code="u">https://museudainconfidencia.museus.gov.br/arquivo/</subfield>
         <subfield code="u">https://museudainconfidencia.museus.gov.br/biblioteca-2/</subfield>
      </datafield>
      <datafield tag="410" ind1=" " ind2=" ">
         <subfield code="a">Coleção Anália Esteves Ribas</subfield>
      </datafield>
      <datafield tag="410" ind1=" " ind2=" ">
         <subfield code="a">Coleção Família Gesteira</subfield>
      </datafield>
      <datafield tag="410" ind1=" " ind2=" ">
         <subfield code="a">Coleção Joaquim Nunes de Carvalho</subfield>
      </datafield>
      <datafield tag="410" ind1=" " ind2=" ">
         <subfield code="a">Coleção Cacilda Coeli Clímaco</subfield>
      </datafield>
      <datafield tag="410" ind1=" " ind2=" ">
         <subfield code="a">Coleção José Luiz Pompeu da Silva</subfield>
      </datafield>
      <datafield tag="410" ind1=" " ind2=" ">
         <subfield code="a">Coleção Arquivo Público Mineiro</subfield>
      </datafield>
      <datafield tag="410" ind1=" " ind2=" ">
         <subfield code="a">Coleção Francisco Curt Lange</subfield>
      </datafield>
      <datafield tag="551" ind1="1" ind2=" ">
         <subfield code="a">Ouro Preto</subfield>
         <subfield code="0">places/3023564</subfield>
      </datafield>
      <datafield tag="680" ind1="1" ind2=" ">
         <subfield code="a">Casa do Pilar, local onde se localiza o Arquivo Histórico, Arquivo Musical, Biblioteca e Setor Educativo.</subfield>
      </datafield>
   </record>