
   <record>
      <leader>00000nz  a2200000nc 4500</leader>
      <controlfield tag="001">institutions/51008736</controlfield>
      <controlfield tag="003">DE-633</controlfield>
      <controlfield tag="005">20250620052324.0</controlfield>
      <controlfield tag="008">250508||||z|||a|||||||||||||||||n||||||d</controlfield>
      <datafield tag="024" ind1="7" ind2=" ">
         <subfield code="a">BR-PI</subfield>
         <subfield code="q">siglum</subfield>
         <subfield code="2">rism</subfield>
      </datafield>
      <datafield tag="034" ind1="1" ind2=" ">
         <subfield code="d">-45.46224616631748</subfield>
         <subfield code="f">-22.922969671380436</subfield>
      </datafield>
      <datafield tag="040" ind1=" " ind2=" ">
         <subfield code="a">DE-633</subfield>
         <subfield code="b">ger</subfield>
         <subfield code="c">DE-633</subfield>
         <subfield code="e">rismg</subfield>
      </datafield>
      <datafield tag="043" ind1=" " ind2=" ">
         <subfield code="c">XD-BR</subfield>
      </datafield>
      <datafield tag="110" ind1="1" ind2=" ">
         <subfield code="a">Centro de Memória Barão Homem de Mello, Acervo Maestro João Antônio Romão</subfield>
         <subfield code="c">Pindamonhangaba, SP</subfield>
         <subfield code="g">BR-PI</subfield>
      </datafield>
      <datafield tag="368" ind1=" " ind2=" ">
         <subfield code="a">Institution</subfield>
         <subfield code="a">Library</subfield>
      </datafield>
      <datafield tag="371" ind1=" " ind2=" ">
         <subfield code="a">Rua Deputado Claro César 33</subfield>
         <subfield code="b">Pindamonhangaba, SP</subfield>
         <subfield code="c">Estado de São Paulo</subfield>
         <subfield code="d">Brazil</subfield>
         <subfield code="z">tel: +55 / 12 3642 1018</subfield>
      </datafield>
      <datafield tag="551" ind1="1" ind2=" ">
         <subfield code="a">Pindamonhangaba, SP</subfield>
         <subfield code="0">places/50021490</subfield>
      </datafield>
   </record>