
   <record>
      <leader>00000nz  a2200000nc 4500</leader>
      <controlfield tag="001">institutions/51008753</controlfield>
      <controlfield tag="003">DE-633</controlfield>
      <controlfield tag="005">20250620052324.0</controlfield>
      <controlfield tag="008">250508||||z|||a|||||||||||||||||n||||||d</controlfield>
      <datafield tag="024" ind1="7" ind2=" ">
         <subfield code="a">1025212371</subfield>
         <subfield code="2">DNB</subfield>
      </datafield>
      <datafield tag="024" ind1="7" ind2=" ">
         <subfield code="a">Q56693634</subfield>
         <subfield code="2">WKP</subfield>
      </datafield>
      <datafield tag="024" ind1="7" ind2=" ">
         <subfield code="a">BR-Rims</subfield>
         <subfield code="q">siglum</subfield>
         <subfield code="2">rism</subfield>
      </datafield>
      <datafield tag="034" ind1="1" ind2=" ">
         <subfield code="d">-43.23948678856665</subfield>
         <subfield code="f">-22.981646304792307</subfield>
      </datafield>
      <datafield tag="040" ind1=" " ind2=" ">
         <subfield code="a">DE-633</subfield>
         <subfield code="b">ger</subfield>
         <subfield code="c">DE-633</subfield>
         <subfield code="e">rismg</subfield>
      </datafield>
      <datafield tag="043" ind1=" " ind2=" ">
         <subfield code="c">XD-BR</subfield>
      </datafield>
      <datafield tag="110" ind1="1" ind2=" ">
         <subfield code="a">Instituto Moreira Salles</subfield>
         <subfield code="c">Rio de Janeiro, RJ</subfield>
         <subfield code="g">BR-Rims</subfield>
      </datafield>
      <datafield tag="368" ind1=" " ind2=" ">
         <subfield code="a">Institution</subfield>
         <subfield code="a">Library</subfield>
      </datafield>
      <datafield tag="371" ind1=" " ind2=" ">
         <subfield code="a">R. Marquês de São Vicente, 476 - Gávea</subfield>
         <subfield code="b">Rio de Janeiro - RJ</subfield>
         <subfield code="c">Estado do Rio de Janeiro</subfield>
         <subfield code="d">Brazil</subfield>
         <subfield code="e">22451-040</subfield>
         <subfield code="u">https://ims.com.br/unidade/rio-de-janeiro/</subfield>
         <subfield code="z">tel: +55 / 2132847400</subfield>
      </datafield>
      <datafield tag="551" ind1="1" ind2=" ">
         <subfield code="a">Rio de Janeiro, RJ</subfield>
         <subfield code="0">places/3900376</subfield>
      </datafield>
   </record>