
   <record>
      <leader>00000nz  a2200000nc 4500</leader>
      <controlfield tag="001">institutions/51008738</controlfield>
      <controlfield tag="003">DE-633</controlfield>
      <controlfield tag="005">20250620052324.0</controlfield>
      <controlfield tag="008">250508||||z|||a|||||||||||||||||n||||||d</controlfield>
      <datafield tag="024" ind1="7" ind2=" ">
         <subfield code="a">123941953</subfield>
         <subfield code="2">VIAF</subfield>
      </datafield>
      <datafield tag="024" ind1="7" ind2=" ">
         <subfield code="a">220626-2</subfield>
         <subfield code="2">DNB</subfield>
      </datafield>
      <datafield tag="024" ind1="7" ind2=" ">
         <subfield code="a">Q510993</subfield>
         <subfield code="2">WKP</subfield>
      </datafield>
      <datafield tag="024" ind1="7" ind2=" ">
         <subfield code="a">BR-Rmhn</subfield>
         <subfield code="q">siglum</subfield>
         <subfield code="2">rism</subfield>
      </datafield>
      <datafield tag="034" ind1="1" ind2=" ">
         <subfield code="d">-43.1696162337782</subfield>
         <subfield code="f">-22.90572364490743</subfield>
      </datafield>
      <datafield tag="040" ind1=" " ind2=" ">
         <subfield code="a">DE-633</subfield>
         <subfield code="b">ger</subfield>
         <subfield code="c">DE-633</subfield>
         <subfield code="e">rismg</subfield>
      </datafield>
      <datafield tag="043" ind1=" " ind2=" ">
         <subfield code="c">XD-BR</subfield>
      </datafield>
      <datafield tag="110" ind1="1" ind2=" ">
         <subfield code="a">Museu Histórico Nacional</subfield>
         <subfield code="c">Rio de Janeiro, RJ</subfield>
         <subfield code="g">BR-Rmhn</subfield>
      </datafield>
      <datafield tag="368" ind1=" " ind2=" ">
         <subfield code="a">Institution</subfield>
         <subfield code="a">Library</subfield>
         <subfield code="a">Museum</subfield>
      </datafield>
      <datafield tag="371" ind1=" " ind2=" ">
         <subfield code="a">Praça Marechal Âncora, S/N Centro</subfield>
         <subfield code="b">Rio de Janeiro, RJ</subfield>
         <subfield code="c">Estado do Rio de Janeiro</subfield>
         <subfield code="d">Brazil</subfield>
         <subfield code="m">faleconosco.mhn@museus.gov.br</subfield>
         <subfield code="u">https://mhn.acervos.museus.gov.br/</subfield>
         <subfield code="z">tel: +55 / 21 3299-0324</subfield>
      </datafield>
      <datafield tag="551" ind1="1" ind2=" ">
         <subfield code="a">Rio de Janeiro, RJ</subfield>
         <subfield code="0">places/3900376</subfield>
      </datafield>
   </record>