
   <record>
      <leader>00000nz  a2200000nc 4500</leader>
      <controlfield tag="001">institutions/30000463</controlfield>
      <controlfield tag="003">DE-633</controlfield>
      <controlfield tag="005">20250620051956.0</controlfield>
      <controlfield tag="008">161109||||z|||a|||||||||||||||||n||||||d</controlfield>
      <datafield tag="024" ind1="7" ind2=" ">
         <subfield code="a">123618195</subfield>
         <subfield code="2">VIAF</subfield>
      </datafield>
      <datafield tag="024" ind1="7" ind2=" ">
         <subfield code="a">BR-Rn</subfield>
         <subfield code="q">siglum</subfield>
         <subfield code="2">rism</subfield>
      </datafield>
      <datafield tag="034" ind1="1" ind2=" ">
         <subfield code="d">-43.2042236266932</subfield>
         <subfield code="f">-22.910246144677803</subfield>
      </datafield>
      <datafield tag="040" ind1=" " ind2=" ">
         <subfield code="a">DE-633</subfield>
         <subfield code="c">DE-633</subfield>
         <subfield code="e">rismg</subfield>
      </datafield>
      <datafield tag="043" ind1=" " ind2=" ">
         <subfield code="c">XD-BR</subfield>
      </datafield>
      <datafield tag="110" ind1="1" ind2=" ">
         <subfield code="a">Fundação Biblioteca Nacional, Divisão de Música e Arquivo Sonoro - DIMAS</subfield>
         <subfield code="c">Rio de Janeiro</subfield>
         <subfield code="g">BR-Rn</subfield>
      </datafield>
      <datafield tag="368" ind1=" " ind2=" ">
         <subfield code="a">Institution</subfield>
         <subfield code="a">Archive</subfield>
         <subfield code="a">Library</subfield>
      </datafield>
      <datafield tag="371" ind1=" " ind2=" ">
         <subfield code="a">Centro Empresarial Cidade Nova – Teleporto - Av. Presidente Vargas 3131, sala 705/706</subfield>
         <subfield code="b">Rio de Janeiro, RJ</subfield>
         <subfield code="c">Rio de Janeiro (state)</subfield>
         <subfield code="d">Brazil</subfield>
         <subfield code="e">CEP 20210-911</subfield>
         <subfield code="m">semas@bn.gov.br</subfield>
         <subfield code="u">https://www.gov.br/bn/pt-br/atuacao/colecoes-e-servicos-aos-leitores/musica</subfield>
         <subfield code="z">tel: +55 / (21) 2220-1539</subfield>
      </datafield>
      <datafield tag="410" ind1=" " ind2=" ">
         <subfield code="a">Biblioteca Nacional, Música e Arquivo Sonoro</subfield>
      </datafield>
      <datafield tag="551" ind1="1" ind2=" ">
         <subfield code="a">Rio de Janeiro, RJ</subfield>
         <subfield code="0">places/3900376</subfield>
      </datafield>
      <datafield tag="667" ind1=" " ind2=" ">
         <subfield code="a">Published sources: 636</subfield>
      </datafield>
   </record>