
   <record>
      <leader>00000nz  a2200000nc 4500</leader>
      <controlfield tag="001">institutions/51008770</controlfield>
      <controlfield tag="003">DE-633</controlfield>
      <controlfield tag="005">20250620052325.0</controlfield>
      <controlfield tag="008">250513||||z|||a|||||||||||||||||n||||||d</controlfield>
      <datafield tag="024" ind1="7" ind2=" ">
         <subfield code="a">Q60999839</subfield>
         <subfield code="2">WKP</subfield>
      </datafield>
      <datafield tag="024" ind1="7" ind2=" ">
         <subfield code="a">BR-SJRorb</subfield>
         <subfield code="q">siglum</subfield>
         <subfield code="2">rism</subfield>
      </datafield>
      <datafield tag="040" ind1=" " ind2=" ">
         <subfield code="a">DE-633</subfield>
         <subfield code="b">ger</subfield>
         <subfield code="c">DE-633</subfield>
         <subfield code="e">rismg</subfield>
      </datafield>
      <datafield tag="043" ind1=" " ind2=" ">
         <subfield code="c">XD-BR</subfield>
      </datafield>
      <datafield tag="110" ind1="1" ind2=" ">
         <subfield code="a">Orquestra Ribeiro Bastos</subfield>
         <subfield code="c">São João del-Rei, MG</subfield>
         <subfield code="g">BR-SJRorb</subfield>
      </datafield>
      <datafield tag="368" ind1=" " ind2=" ">
         <subfield code="a">Institution</subfield>
         <subfield code="a">Library</subfield>
      </datafield>
      <datafield tag="371" ind1=" " ind2=" ">
         <subfield code="a">R. Santo Antônio, 54 - Águas Férreas (Tejuco)</subfield>
         <subfield code="b">São João del-Rei, MG</subfield>
         <subfield code="c">Minas Gerais</subfield>
         <subfield code="d">Brazil</subfield>
         <subfield code="e">36300-174</subfield>
         <subfield code="z">tel: +55 / 32 3371-8608</subfield>
      </datafield>
      <datafield tag="551" ind1="1" ind2=" ">
         <subfield code="a">São João del-Rei, MG</subfield>
         <subfield code="0">places/50004413</subfield>
      </datafield>
   </record>