
   <record>
      <leader>00000nz  a2200000nc 4500</leader>
      <controlfield tag="001">institutions/51008740</controlfield>
      <controlfield tag="003">DE-633</controlfield>
      <controlfield tag="005">20250620052324.0</controlfield>
      <controlfield tag="008">250508||||z|||a|||||||||||||||||n||||||d</controlfield>
      <datafield tag="024" ind1="7" ind2=" ">
         <subfield code="a">Q56695516</subfield>
         <subfield code="2">WKP</subfield>
      </datafield>
      <datafield tag="024" ind1="7" ind2=" ">
         <subfield code="a">BR-SL</subfield>
         <subfield code="q">siglum</subfield>
         <subfield code="2">rism</subfield>
      </datafield>
      <datafield tag="034" ind1="1" ind2=" ">
         <subfield code="d">-43.850523291571214</subfield>
         <subfield code="f">-19.77003224261415</subfield>
      </datafield>
      <datafield tag="040" ind1=" " ind2=" ">
         <subfield code="a">DE-633</subfield>
         <subfield code="b">ger</subfield>
         <subfield code="c">DE-633</subfield>
         <subfield code="e">rismg</subfield>
      </datafield>
      <datafield tag="043" ind1=" " ind2=" ">
         <subfield code="c">XD-BR</subfield>
      </datafield>
      <datafield tag="110" ind1="1" ind2=" ">
         <subfield code="a">Museu Histórico Aurélio Dolabella</subfield>
         <subfield code="c">Santa Luzia, MG</subfield>
         <subfield code="g">BR-SL</subfield>
      </datafield>
      <datafield tag="368" ind1=" " ind2=" ">
         <subfield code="a">Institution</subfield>
         <subfield code="a">Library</subfield>
         <subfield code="a">Museum</subfield>
      </datafield>
      <datafield tag="371" ind1=" " ind2=" ">
         <subfield code="a">R. Direita, 785 - Centro</subfield>
         <subfield code="b">Santa Luzia, MG</subfield>
         <subfield code="c">Minas Gerais</subfield>
         <subfield code="d">Brazil</subfield>
         <subfield code="u">https://www.santaluzia.mg.gov.br/v2/index.php/cultura/museu-historico-aurelio-dolabella-mhad/</subfield>
         <subfield code="z">tel: +55 / 31 3641-5204</subfield>
      </datafield>
      <datafield tag="551" ind1="1" ind2=" ">
         <subfield code="a">Santa Luzia, MG</subfield>
         <subfield code="0">places/50021491</subfield>
      </datafield>
   </record>