
   <record>
      <leader>00000nz  a2200000nc 4500</leader>
      <controlfield tag="001">institutions/51008743</controlfield>
      <controlfield tag="003">DE-633</controlfield>
      <controlfield tag="005">20250620052324.0</controlfield>
      <controlfield tag="008">250508||||z|||a|||||||||||||||||n||||||d</controlfield>
      <datafield tag="024" ind1="7" ind2=" ">
         <subfield code="a">Q56692538</subfield>
         <subfield code="2">WKP</subfield>
      </datafield>
      <datafield tag="024" ind1="7" ind2=" ">
         <subfield code="a">BR-SLU</subfield>
         <subfield code="q">siglum</subfield>
         <subfield code="2">rism</subfield>
      </datafield>
      <datafield tag="034" ind1="1" ind2=" ">
         <subfield code="d">-44.30492653473106</subfield>
         <subfield code="f">-2.5287020765422903</subfield>
      </datafield>
      <datafield tag="040" ind1=" " ind2=" ">
         <subfield code="a">DE-633</subfield>
         <subfield code="b">ger</subfield>
         <subfield code="c">DE-633</subfield>
         <subfield code="e">rismg</subfield>
      </datafield>
      <datafield tag="043" ind1=" " ind2=" ">
         <subfield code="c">XD-BR</subfield>
      </datafield>
      <datafield tag="110" ind1="1" ind2=" ">
         <subfield code="a">Arquivo Público do Estado do Maranhão, Acervo João Mohana</subfield>
         <subfield code="c">São Luís, MA</subfield>
         <subfield code="g">BR-SLU</subfield>
      </datafield>
      <datafield tag="368" ind1=" " ind2=" ">
         <subfield code="a">Institution</subfield>
         <subfield code="a">Archive</subfield>
         <subfield code="a">Library</subfield>
      </datafield>
      <datafield tag="371" ind1=" " ind2=" ">
         <subfield code="a">Rua de Nazaré, 218</subfield>
         <subfield code="b">São Luís, MA</subfield>
         <subfield code="c">Estado do Maranhão</subfield>
         <subfield code="d">Brazil</subfield>
         <subfield code="m">apem@cultura.ma.gov.br</subfield>
         <subfield code="u">http://apem.cultura.ma.gov.br/siapem/index.php</subfield>
         <subfield code="z">+55 / 98 3218-9927</subfield>
         <subfield code="z">+55 / 98 3218-9928</subfield>
      </datafield>
      <datafield tag="551" ind1="1" ind2=" ">
         <subfield code="a">São Luís, MA</subfield>
         <subfield code="0">places/50021494</subfield>
      </datafield>
   </record>