
   <record>
      <leader>00000nz  a2200000nc 4500</leader>
      <controlfield tag="001">institutions/51007008</controlfield>
      <controlfield tag="003">DE-633</controlfield>
      <controlfield tag="005">20250620052312.0</controlfield>
      <controlfield tag="008">230104||||z|||a|||||||||||||||||n||||||d</controlfield>
      <datafield tag="024" ind1="7" ind2=" ">
         <subfield code="a">156562948</subfield>
         <subfield code="2">VIAF</subfield>
      </datafield>
      <datafield tag="024" ind1="7" ind2=" ">
         <subfield code="a">Q10302833</subfield>
         <subfield code="2">WKP</subfield>
      </datafield>
      <datafield tag="024" ind1="7" ind2=" ">
         <subfield code="a">BR-SPieb</subfield>
         <subfield code="q">siglum</subfield>
         <subfield code="2">rism</subfield>
      </datafield>
      <datafield tag="034" ind1="1" ind2=" ">
         <subfield code="d">-46.72233020224905</subfield>
         <subfield code="f">-23.562252619010277</subfield>
      </datafield>
      <datafield tag="040" ind1=" " ind2=" ">
         <subfield code="a">DE-633</subfield>
         <subfield code="c">DE-633</subfield>
         <subfield code="e">rismg</subfield>
      </datafield>
      <datafield tag="043" ind1=" " ind2=" ">
         <subfield code="c">XD-BR</subfield>
      </datafield>
      <datafield tag="110" ind1="1" ind2=" ">
         <subfield code="a">Instituto de Estudos Brasileiros da Universidade Federal de São Paulo</subfield>
         <subfield code="c">São Paulo</subfield>
         <subfield code="g">BR-SPieb</subfield>
      </datafield>
      <datafield tag="368" ind1=" " ind2=" ">
         <subfield code="a">Institution</subfield>
         <subfield code="a">Library</subfield>
      </datafield>
      <datafield tag="371" ind1=" " ind2=" ">
         <subfield code="a">Avenida Professor Luciano Gualberto, 78</subfield>
         <subfield code="b">Cidade Universitária – São Paulo – SP 05508-010</subfield>
         <subfield code="c">Estado de São Paulo</subfield>
         <subfield code="d">Brazil</subfield>
         <subfield code="u">https://www.ieb.usp.br/</subfield>
         <subfield code="z">tel: +55 / 11 / 3091-3197</subfield>
      </datafield>
      <datafield tag="510" ind1="2" ind2=" ">
         <subfield code="a">IEB – Instituto de Estudos Brasileiros / USP</subfield>
      </datafield>
      <datafield tag="551" ind1="1" ind2=" ">
         <subfield code="a">São Paulo, SP</subfield>
         <subfield code="0">places/3902340</subfield>
      </datafield>
   </record>