
   <record>
      <leader>00000nz  a2200000nc 4500</leader>
      <controlfield tag="001">institutions/51008742</controlfield>
      <controlfield tag="003">DE-633</controlfield>
      <controlfield tag="005">20250620052324.0</controlfield>
      <controlfield tag="008">250508||||z|||a|||||||||||||||||n||||||d</controlfield>
      <datafield tag="024" ind1="7" ind2=" ">
         <subfield code="a">BR-TA</subfield>
         <subfield code="q">siglum</subfield>
         <subfield code="2">rism</subfield>
      </datafield>
      <datafield tag="034" ind1="1" ind2=" ">
         <subfield code="d">-47.841844603447505</subfield>
         <subfield code="f">-23.351984323340297</subfield>
      </datafield>
      <datafield tag="040" ind1=" " ind2=" ">
         <subfield code="a">DE-633</subfield>
         <subfield code="b">ger</subfield>
         <subfield code="c">DE-633</subfield>
         <subfield code="e">rismg</subfield>
      </datafield>
      <datafield tag="043" ind1=" " ind2=" ">
         <subfield code="c">XD-BR</subfield>
      </datafield>
      <datafield tag="110" ind1="1" ind2=" ">
         <subfield code="a">Biblioteca do Conservatório Dramático e Musical Dr. Carlos de Campos</subfield>
         <subfield code="c">Tatuí, SP</subfield>
         <subfield code="g">BR-TA</subfield>
      </datafield>
      <datafield tag="368" ind1=" " ind2=" ">
         <subfield code="a">Institution</subfield>
         <subfield code="a">Library</subfield>
      </datafield>
      <datafield tag="371" ind1=" " ind2=" ">
         <subfield code="a">Rua São Bento, 808</subfield>
         <subfield code="b">Tatuí, SP</subfield>
         <subfield code="c">Estado de São Paulo</subfield>
         <subfield code="d">Brazil</subfield>
         <subfield code="m">&#x2028;biblioteca@conservatoriodetatui.org.br</subfield>
         <subfield code="u">https://www.conservatoriodetatui.org.br</subfield>
         <subfield code="z">tel: +55 / 15 3205-8425</subfield>
      </datafield>
      <datafield tag="551" ind1="1" ind2=" ">
         <subfield code="a">Tatuí, SP</subfield>
         <subfield code="0">places/50021493</subfield>
      </datafield>
   </record>
</collection>
